<record><leader>00000cas a22000007a 4500</leader><controlfield tag="001">18197029</controlfield><controlfield tag="008">880711d189u1uuulauuu ne      0    0eng d</controlfield><datafield ind1=" " ind2=" " tag="010"><subfield code="a">sn 88064556 </subfield></datafield><datafield ind1=" " ind2=" " tag="040"><subfield code="a">LNP</subfield><subfield code="b">eng</subfield><subfield code="c">LNP</subfield><subfield code="d">OCLCQ</subfield></datafield><datafield ind1=" " ind2=" " tag="042"><subfield code="a">msc</subfield></datafield><datafield ind1="0" ind2="0" tag="245"><subfield code="a">Grand Cane beacon.</subfield></datafield><datafield ind1=" " ind2=" " tag="260"><subfield code="a">Grand Cane, La. :</subfield><subfield code="b">E.A. Buddenbrock</subfield></datafield><datafield ind1=" " ind2=" " tag="300"><subfield code="a">v.</subfield></datafield><datafield ind1=" " ind2=" " tag="588"><subfield code="a">Description based on: Vol. 3, no. 49 (Feb. 16, 1899).</subfield></datafield><datafield ind1=" " ind2="4" tag="651"><subfield code="a">Grand Cane (La.)</subfield><subfield code="v">Newspapers.</subfield></datafield><datafield ind1=" " ind2=" " tag="752"><subfield code="a">United States</subfield><subfield code="b">Louisiana</subfield><subfield code="c">De Soto</subfield><subfield code="d">Grand Cane.</subfield></datafield><datafield ind1="1" ind2=" " tag="029"><subfield code="a">AU@</subfield><subfield code="b">000020516830</subfield></datafield></record>